%YAML 1.1
%TAG !u! tag:unity3d.com,2011:
--- !u!1001 &100100000
Prefab:
  m_ObjectHideFlags: 1
  serializedVersion: 2
  m_Modification:
    m_TransformParent: {fileID: 0}
    m_Modifications: []
    m_RemovedComponents: []
  m_SourcePrefab: {fileID: 0}
  m_RootGameObject: {fileID: 1942836680676418}
  m_IsPrefabAsset: 1
--- !u!1 &1942836680676418
GameObject:
  m_ObjectHideFlags: 0
  m_CorrespondingSourceObject: {fileID: 0}
  m_PrefabInternal: {fileID: 100100000}
  serializedVersion: 6
  m_Component:
  - component: {fileID: 4862350779011390}
  - component: {fileID: 114581393085844394}
  - component: {fileID: 114654127039101730}
  m_Layer: 0
  m_Name: Wall of Stone
  m_TagString: Untagged
  m_Icon: {fileID: 0}
  m_NavMeshLayer: 0
  m_StaticEditorFlags: 0
  m_IsActive: 1
--- !u!4 &4862350779011390
Transform:
  m_ObjectHideFlags: 1
  m_CorrespondingSourceObject: {fileID: 0}
  m_PrefabInternal: {fileID: 100100000}
  m_GameObject: {fileID: 1942836680676418}
  m_LocalRotation: {x: 0, y: 0, z: 0, w: 1}
  m_LocalPosition: {x: 0, y: 20, z: 0}
  m_LocalScale: {x: 1, y: 1, z: 1}
  m_Children: []
  m_Father: {fileID: 0}
  m_RootOrder: 0
  m_LocalEulerAnglesHint: {x: 0, y: 0, z: 0}
--- !u!114 &114581393085844394
MonoBehaviour:
  m_ObjectHideFlags: 1
  m_CorrespondingSourceObject: {fileID: 0}
  m_PrefabInternal: {fileID: 100100000}
  m_GameObject: {fileID: 1942836680676418}
  m_Enabled: 1
  m_EditorHideFlags: 0
  m_Script: {fileID: 372142912, guid: dc443db3e92b4983b9738c1131f555cb, type: 3}
  m_Name: 
  m_EditorClassIdentifier: 
  m_SceneId:
    m_Value: 0
  m_AssetId:
    i0: 251
    i1: 191
    i2: 59
    i3: 86
    i4: 99
    i5: 199
    i6: 133
    i7: 116
    i8: 138
    i9: 157
    i10: 101
    i11: 192
    i12: 192
    i13: 19
    i14: 19
    i15: 181
  m_ServerOnly: 0
  m_LocalPlayerAuthority: 0
--- !u!114 &114654127039101730
MonoBehaviour:
  m_ObjectHideFlags: 1
  m_CorrespondingSourceObject: {fileID: 0}
  m_PrefabInternal: {fileID: 100100000}
  m_GameObject: {fileID: 1942836680676418}
  m_Enabled: 1
  m_EditorHideFlags: 0
  m_Script: {fileID: 11500000, guid: a2303d154b8ebc043ad6c9f9e23d9d68, type: 3}
  m_Name: 
  m_EditorClassIdentifier: 
  caster: {fileID: 0}
  element: 1
  castingType: 0
  manaCost: 10
  castingTime: 2
  chargeEffect: {fileID: 1113271726831266, guid: 517e493bdceaa3a45a179fcc8198aafb,
    type: 2}
  powerLevel: 1
  targeting: 0
  aimingTransform: {fileID: 4862350779011390}
  isAiming: 0
  rotation: {x: 0, y: 0, z: 0}
  pointRange: 40
  arcSpeed: 0
  target: {fileID: 0}
  spellType: 3
  projectileSpeed: 30
  decay: 10
  projectileSize: 0.2
  projectileEffect: {fileID: 0}
  impactEffect: {fileID: 0}
  coneRange: 0
  spread: 0.1
  areaAccuracy: 0
  grounded: 1
  areaEffect: {fileID: 0}
  minionPrefab: {fileID: 0}
  modifiers: 05000000
  damage: 7
  aoe: 1
  aoeRadius: 1.5
  aoeFalloff: 0
  force: 0
  forceRadius: 0
  forceAmount: 0
  dot: 0
  dotTime: 0
  debuff: 0
  debuffTime: 0
  homingAmount: 0
  homingSpeedup: 0
  homingDelay: 0
  multiAmount: 0
  multiCharge: 0
  multiInterval: 0
  chainJumps: 0
  jumpRange: 0
  maxPierce: 0
  wallDimensions: {x: 9, y: 5, z: 1}
  chargeThreshold: 0
  overchargedSpell: {fileID: 0}
  lingerTime: 0
  tickRate: 0
